<?xml version="1.0" encoding="UTF-8"?><record xmlns="http://www.loc.gov/MARC21/slim" xmlns:cinclude="http://apache.org/cocoon/include/1.0" xmlns:zs="http://www.loc.gov/zing/srw/">
  <leader>00451nz  a2200145n  4500</leader>
  <controlfield tag="001">no2005051248</controlfield>
  <controlfield tag="003">DLC</controlfield>
  <controlfield tag="005">20050602052439.0</controlfield>
  <controlfield tag="008">050601n| acannaabn          |a ana      </controlfield>
  <datafield tag="010" ind1=" " ind2=" ">
    <subfield code="a">no2005051248</subfield>
  </datafield>
  <datafield tag="035" ind1=" " ind2=" ">
    <subfield code="a">(OCoLC)oca06647623</subfield>
  </datafield>
  <datafield tag="040" ind1=" " ind2=" ">
    <subfield code="a">DLC-S</subfield>
    <subfield code="b">eng</subfield>
    <subfield code="c">DLC-S</subfield>
  </datafield>
  <datafield tag="110" ind1="2" ind2=" ">
    <subfield code="a">Unesco.</subfield>
    <subfield code="b">Associated Schools Project.</subfield>
    <subfield code="b">Israel</subfield>
  </datafield>
  <datafield tag="410" ind1="2" ind2=" ">
    <subfield code="a">ASP (net) Israel</subfield>
  </datafield>
  <datafield tag="670" ind1=" " ind2=" ">
    <subfield code="a">ASP (net) Israel annual report, 2000/2001:</subfield>
    <subfield code="b">t.p. (Unesco, Associated Schools Project, Israel)</subfield>
  </datafield>
</record>